<collection xmlns="http://www.loc.gov/MARC21/slim">
<record>
  <leader>04713nam0a22007331i 450 </leader>
  <controlfield tag="001">IT\ICCU\CNCE\038443</controlfield>
  <controlfield tag="005">20161206000000.0</controlfield>
  <datafield tag="012" ind1=" " ind2=" ">
    <subfield code="a">      </subfield>
    <subfield code="2">fei</subfield>
    <subfield code="9">INR</subfield>
  </datafield>
  <datafield tag="100" ind1=" " ind2=" ">
    <subfield code="a">19981029d1536        0itac0103    ba</subfield>
  </datafield>
  <datafield tag="101" ind1=" " ind2=" ">
    <subfield code="a">GRC</subfield>
  </datafield>
  <datafield tag="102" ind1=" " ind2=" ">
    <subfield code="a">IT</subfield>
  </datafield>
  <datafield tag="200" ind1="1" ind2=" ">
    <subfield code="a">℗Ioannou Grammatikou tou Philoponou ℗Eis ta protera analytika tou Aristotelous, Ypomnema. Magentinou skolia eis ta auta Synopsis peri ton syllogismon. Ioan. Gram. Philoponi Comentaria in Priora analytica Aristotelis. Magentini comentaria in eadem Libellusde syllogismis</subfield>
  </datafield>
  <datafield tag="210" ind1=" " ind2=" ">
    <subfield code="a">\Venezia</subfield>
    <subfield code="c">Bartolomeo Zanetti!</subfield>
    <subfield code="d">1536</subfield>
    <subfield code="e">Venetiis</subfield>
    <subfield code="g">in aedibus Bartholomaei Zanetti Casterzagensis</subfield>
    <subfield code="g">aere vero</subfield>
    <subfield code="h">&amp; diligentia Ioannis Francisci Trincaueli</subfield>
    <subfield code="h">1536 mense Aprili</subfield>
  </datafield>
  <datafield tag="215" ind1=" " ind2=" ">
    <subfield code="a">CXIX, XXXXV c.</subfield>
    <subfield code="d">fol</subfield>
  </datafield>
  <datafield tag="510" ind1="1" ind2=" ">
    <subfield code="3">IT\ICCU\CNCE\051468</subfield>
    <subfield code="a">℗Ioan. Gram. Philoponi ℗Comentaria in priora analytica Aristotelis. Magentini comentaria in eadem libellus de syllogismis.</subfield>
  </datafield>
  <datafield tag="620" ind1=" " ind2=" ">
    <subfield code="a">IT</subfield>
    <subfield code="d">Venezia</subfield>
  </datafield>
  <datafield tag="700" ind1=" " ind2="0">
    <subfield code="a">Ioannes</subfield>
    <subfield code="c"> : Philoponus</subfield>
    <subfield code="3">IT\ICCU\CNCA\008301</subfield>
  </datafield>
  <datafield tag="702" ind1=" " ind2="0">
    <subfield code="a">Aristoteles</subfield>
    <subfield code="3">IT\ICCU\CNCA\000006</subfield>
  </datafield>
  <datafield tag="702" ind1=" " ind2="0">
    <subfield code="a">Leo</subfield>
    <subfield code="c"> : Magentinus</subfield>
    <subfield code="3">IT\ICCU\CNCA\000165</subfield>
  </datafield>
  <datafield tag="712" ind1="0" ind2="0">
    <subfield code="a">Zanetti, Bartolomeo</subfield>
    <subfield code="3">IT\ICCU\CNCT\000454</subfield>
    <subfield code="4">650</subfield>
  </datafield>
  <datafield tag="712" ind1="0" ind2="0">
    <subfield code="a">Trincavelli, Giovanni Francesco</subfield>
    <subfield code="3">IT\ICCU\CNCT\000769</subfield>
    <subfield code="4">650</subfield>
  </datafield>
  <datafield tag="790" ind1=" " ind2="1">
    <subfield code="a">Filopono,</subfield>
    <subfield code="b">Giovanni</subfield>
    <subfield code="3">IT\ICCU\CNCA\014104</subfield>
    <subfield code="z">Ioannes : Philoponus</subfield>
  </datafield>
  <datafield tag="790" ind1=" " ind2="0">
    <subfield code="a">Ioannes</subfield>
    <subfield code="c"> : Alexandrinus</subfield>
    <subfield code="3">IT\ICCU\CNCA\014532</subfield>
    <subfield code="z">Ioannes : Philoponus</subfield>
  </datafield>
  <datafield tag="790" ind1=" " ind2="0">
    <subfield code="a">Johannes</subfield>
    <subfield code="c"> : Grammaticus</subfield>
    <subfield code="3">IT\ICCU\CNCA\015601</subfield>
    <subfield code="z">Ioannes : Philoponus</subfield>
  </datafield>
  <datafield tag="790" ind1=" " ind2="0">
    <subfield code="a">Aristotele</subfield>
    <subfield code="3">IT\ICCU\CNCA\018928</subfield>
    <subfield code="z">Aristoteles</subfield>
  </datafield>
  <datafield tag="790" ind1=" " ind2="1">
    <subfield code="a">Magentinus,</subfield>
    <subfield code="b">Leo</subfield>
    <subfield code="3">IT\ICCU\CNCA\020780</subfield>
    <subfield code="z">Leo : Magentinus</subfield>
  </datafield>
  <datafield tag="791" ind1="0" ind2="2">
    <subfield code="a">Bartholomaeus Casterzagensis</subfield>
    <subfield code="3">IT\ICCU\CNCT\003567</subfield>
    <subfield code="z">Zanetti, Bartolomeo</subfield>
  </datafield>
  <datafield tag="791" ind1="0" ind2="0">
    <subfield code="a">Zanettis, Bartholomeus de</subfield>
    <subfield code="3">IT\ICCU\CNCT\005782</subfield>
    <subfield code="z">Zanetti, Bartolomeo</subfield>
  </datafield>
  <datafield tag="791" ind1="0" ind2="2">
    <subfield code="a">Bartholomaeus Brixiensis</subfield>
    <subfield code="3">IT\ICCU\CNCT\005783</subfield>
    <subfield code="z">Zanetti, Bartolomeo</subfield>
  </datafield>
  <datafield tag="791" ind1="0" ind2="0">
    <subfield code="a">Zannettus, Bartholomeus</subfield>
    <subfield code="3">IT\ICCU\CNCT\005784</subfield>
    <subfield code="z">Zanetti, Bartolomeo</subfield>
  </datafield>
  <datafield tag="791" ind1="0" ind2="0">
    <subfield code="a">Zanettus, Bartholomaeus</subfield>
    <subfield code="3">IT\ICCU\CNCT\005785</subfield>
    <subfield code="z">Zanetti, Bartolomeo</subfield>
  </datafield>
  <datafield tag="791" ind1="0" ind2="2">
    <subfield code="a">Bartholomaeus Brixianeus</subfield>
    <subfield code="3">IT\ICCU\CNCT\005786</subfield>
    <subfield code="z">Zanetti, Bartolomeo</subfield>
  </datafield>
  <datafield tag="791" ind1="0" ind2="0">
    <subfield code="a">Gianettis, Bartholomeus de</subfield>
    <subfield code="3">IT\ICCU\CNCT\005787</subfield>
    <subfield code="z">Zanetti, Bartolomeo</subfield>
  </datafield>
  <datafield tag="791" ind1="0" ind2="0">
    <subfield code="a">Zannetti, Bartolomeo</subfield>
    <subfield code="3">IT\ICCU\CNCT\005788</subfield>
    <subfield code="z">Zanetti, Bartolomeo</subfield>
  </datafield>
  <datafield tag="791" ind1="0" ind2="0">
    <subfield code="a">Trincavelus, Ioannes Franciscus</subfield>
    <subfield code="3">IT\ICCU\CNCT\005602</subfield>
    <subfield code="z">Trincavelli, Giovanni Francesco</subfield>
  </datafield>
  <datafield tag="801" ind1=" " ind2="3">
    <subfield code="a">IT</subfield>
    <subfield code="b">ICCU</subfield>
    <subfield code="c">20201114</subfield>
  </datafield>
  <datafield tag="899" ind1=" " ind2=" ">
    <subfield code="a">Biblioteca civica A. Mai. Bergamo</subfield>
    <subfield code="1">BG0026</subfield>
    <subfield code="2">LO1 02</subfield>
  </datafield>
  <datafield tag="899" ind1=" " ind2=" ">
    <subfield code="a">Biblioteca civica Cesare Battisti. Bolzano</subfield>
    <subfield code="1">BZ0004</subfield>
    <subfield code="2">ZBZ 08</subfield>
  </datafield>
  <datafield tag="899" ind1=" " ind2=" ">
    <subfield code="a">Biblioteca statale. Cremona</subfield>
    <subfield code="1">CR0062</subfield>
    <subfield code="2">LO1 28</subfield>
  </datafield>
  <datafield tag="899" ind1=" " ind2=" ">
    <subfield code="a">Biblioteca Apostolica Vaticana. Citt ̉del Vaticano</subfield>
    <subfield code="1">EX0001</subfield>
    <subfield code="2">ZCV 01</subfield>
  </datafield>
  <datafield tag="899" ind1=" " ind2=" ">
    <subfield code="a">Biblioteca Riccardiana. Firenze</subfield>
    <subfield code="1">FI0094</subfield>
    <subfield code="2">CFI RF</subfield>
  </datafield>
  <datafield tag="899" ind1=" " ind2=" ">
    <subfield code="a">Biblioteca nazionale centrale. Firenze</subfield>
    <subfield code="1">FI0098</subfield>
    <subfield code="2">CFI CF</subfield>
  </datafield>
  <datafield tag="899" ind1=" " ind2=" ">
    <subfield code="a">Biblioteca Medicea Laurenziana. Firenze</subfield>
    <subfield code="1">FI0100</subfield>
    <subfield code="2">CFI ML</subfield>
  </datafield>
  <datafield tag="899" ind1=" " ind2=" ">
    <subfield code="a">Biblioteca Marucelliana. Firenze</subfield>
    <subfield code="1">FI0101</subfield>
    <subfield code="2">CFI MF</subfield>
  </datafield>
  <datafield tag="899" ind1=" " ind2=" ">
    <subfield code="a">Biblioteca civica Berio. Genova</subfield>
    <subfield code="1">GE0036</subfield>
    <subfield code="2">SGE BE</subfield>
  </datafield>
  <datafield tag="899" ind1=" " ind2=" ">
    <subfield code="a">Biblioteca regionale universitaria. Messina</subfield>
    <subfield code="1">ME0050</subfield>
    <subfield code="2">PAL BM</subfield>
  </datafield>
  <datafield tag="899" ind1=" " ind2=" ">
    <subfield code="a">Biblioteca Ambrosiana. Milano</subfield>
    <subfield code="1">MI0133</subfield>
    <subfield code="2">VBA 01</subfield>
  </datafield>
  <datafield tag="899" ind1=" " ind2=" ">
    <subfield code="a">Biblioteca Estense Universitaria. Modena</subfield>
    <subfield code="z">MUTILO</subfield>
    <subfield code="1">MO0089</subfield>
    <subfield code="2">MOD BE</subfield>
  </datafield>
  <datafield tag="899" ind1=" " ind2=" ">
    <subfield code="a">Biblioteca nazionale Vittorio Emanuele III. Napoli</subfield>
    <subfield code="1">NA0079</subfield>
    <subfield code="2">NAP BN</subfield>
  </datafield>
  <datafield tag="899" ind1=" " ind2=" ">
    <subfield code="a">Biblioteca comunale Augusta. Perugia</subfield>
    <subfield code="1">PG0109</subfield>
    <subfield code="2">UM1 01</subfield>
  </datafield>
  <datafield tag="899" ind1=" " ind2=" ">
    <subfield code="a">Biblioteca universitaria. Pisa</subfield>
    <subfield code="1">PI0112</subfield>
    <subfield code="2">PIS R1</subfield>
  </datafield>
  <datafield tag="899" ind1=" " ind2=" ">
    <subfield code="a">Biblioteca centrale dell&apos;Area umanistica dell&apos;Universit ̉degli studi di Urbino. Urbino</subfield>
    <subfield code="1">PU0206</subfield>
    <subfield code="2">URB AU</subfield>
  </datafield>
  <datafield tag="899" ind1=" " ind2=" ">
    <subfield code="a">Biblioteca nazionale centrale. Roma</subfield>
    <subfield code="1">RM0267</subfield>
    <subfield code="2">BVE CR</subfield>
  </datafield>
  <datafield tag="899" ind1=" " ind2=" ">
    <subfield code="a">Biblioteca universitaria Alessandrina. Roma</subfield>
    <subfield code="1">RM0280</subfield>
    <subfield code="2">RML 01</subfield>
  </datafield>
  <datafield tag="899" ind1=" " ind2=" ">
    <subfield code="a">Biblioteca Vallicelliana. Roma</subfield>
    <subfield code="1">RM0281</subfield>
    <subfield code="2">RML 08</subfield>
  </datafield>
  <datafield tag="899" ind1=" " ind2=" ">
    <subfield code="a">Biblioteca Angelica. Roma</subfield>
    <subfield code="1">RM0290</subfield>
    <subfield code="2">RML 06</subfield>
  </datafield>
  <datafield tag="899" ind1=" " ind2=" ">
    <subfield code="a">Biblioteca Casanatense. Roma</subfield>
    <subfield code="1">RM0313</subfield>
    <subfield code="2">RML 07</subfield>
  </datafield>
  <datafield tag="899" ind1=" " ind2=" ">
    <subfield code="a">Biblioteca dell&apos;Accademia nazionale dei Lincei e Corsiniana. Roma</subfield>
    <subfield code="1">RM0418</subfield>
    <subfield code="2">RML 10</subfield>
  </datafield>
  <datafield tag="899" ind1=" " ind2=" ">
    <subfield code="a">British Library. London</subfield>
    <subfield code="1">UK0001</subfield>
  </datafield>
  <datafield tag="899" ind1=" " ind2=" ">
    <subfield code="a">Biblioteca nazionale Marciana. Venezia</subfield>
    <subfield code="1">VE0049</subfield>
    <subfield code="2">VEA BM</subfield>
  </datafield>
  <datafield tag="911" ind1=" " ind2=" ">
    <subfield code="a">Sul front.</subfield>
    <subfield code="9">IT\ICCU\CNCM\000222</subfield>
  </datafield>
  <datafield tag="911" ind1=" " ind2=" ">
    <subfield code="a">In fine</subfield>
    <subfield code="9">IT\ICCU\CNCM\000123</subfield>
  </datafield>
  <datafield tag="921" ind1=" " ind2=" ">
    <subfield code="a">IT\ICCU\CNCM\000222</subfield>
    <subfield code="b">Putto con ramo in mano appoggiato ad un tronco tagliato con germogli.</subfield>
    <subfield code="e">Ou meta poly syn theo aneresomenos arche to emisy pantos.</subfield>
    <subfield code="c">Z988</subfield>
    <subfield code="d">Dimensioni: 4,8 x 7</subfield>
    <subfield code="f">GERMOGLI</subfield>
    <subfield code="f">OUMETAPOLY</subfield>
    <subfield code="f">PUTTO</subfield>
    <subfield code="f">RAMO</subfield>
    <subfield code="f">TRONCO</subfield>
    <subfield code="g">1535-1544</subfield>
  </datafield>
  <datafield tag="921" ind1=" " ind2=" ">
    <subfield code="a">IT\ICCU\CNCM\000123</subfield>
    <subfield code="b">Putto con ramo di olivo nella mano sinistra si appoggia ad un tronco dal quale spuntano ramoscelli.</subfield>
    <subfield code="e">Ou meta poly syn theo aneresomenos arche to emisy pantos.</subfield>
    <subfield code="c">V516</subfield>
    <subfield code="c">Z987</subfield>
    <subfield code="d">Con o senza motto</subfield>
    <subfield code="f">PUTTO</subfield>
    <subfield code="f">TRONCO</subfield>
    <subfield code="f">OUMETAPOLY</subfield>
    <subfield code="g">1535-1537</subfield>
  </datafield>
</record>
</collection>
